@article{Baroni1983,
author = {Baroni, Mario and Maguire, Simon and Drabkin, William},
journal = {Music Analysis},
title = {{The concept of musical grammar}},
year = {1983}
}

@article{Baroni1984,
author = {Baroni, Mario and Maguire, Simon and Drabkin, William},
journal = {Music Analysis},
title = {{The concept of musical grammar}},
year = {1983}
}

@article{Baroni1985,
author = {Baroni, Mario and Maguire, Simon and Drabkin, William},
journal = {Music Analysis},
title = {{The concept of musical grammar}},
year = {1983}
}
@article{Baroni1986,
author = {Baroni, Mario and Maguire, Simon and Drabkin, William},
journal = {Music Analysis},
title = {{The concept of musical grammar}},
year = {1983}
}

@article{Baroni1987,
author = {Baroni, Mario and Maguire, Simon and Drabkin, William},
journal = {Music Analysis},
title = {{The concept of musical grammar}},
year = {1983}
}
